@misc{Bert1,
  title={Assessing the Ability of BERT and
Derivative Models to Perform Short-Edits based Humor Grading},
  author={Siddhant Mahurkar and Rajaswa Patil },
  year={2020},
  howpublished={\url{https://arxiv.org/pdf/2006.00607.pdf}},
} 
@misc{Bert2,
  title={SemEval-2020 Task 7: Assessing Humor in Edited News Headlines},
  author={Nabil Hossain†, John Krumm‡, Michael Gamon‡ and Henry Kautz},
  year={2020},
  howpublished={\url{https://arxiv.org/pdf/2008.00304.pdf}},
}
@misc{Bert3,
title={Stimulating Creativity with FunLines: A Case Study of Humor Generation in Headlines},
author={Nabil Hossain, John Krumm, Tanvir Sajed, Henry Kautz},
year={2020},
howpublished={\url{https://arxiv.org/pdf/2002.02031.pdf}},
}
